% Encoding: UTF-8

@Article{WallbankProceedingsICHEP2020,
  author  = {Wallbank, Michael},
  journal = {PoS},
  title   = {{The NOvA Test Beam Program}},
  year    = {2021},
  pages   = {188},
  volume  = {ICHEP2020},
  doi     = {10.22323/1.390.0188},
}

@Comment{jabref-meta: databaseType:bibtex;}
